<record xmlns="http://www.loc.gov/MARC21/slim" xmlns:xsi="http://www.w3.org/2001/XMLSchema-instance" xsi:schemaLocation="http://www.loc.gov/MARC21/slim http://www.loc.gov/standards/marcxml/schema/MARC21slim.xsd"><leader>     nam a22        4500</leader><controlfield tag="001">001913202</controlfield><controlfield tag="003">NNU</controlfield><controlfield tag="006">m        d        </controlfield><controlfield tag="007">cr cn |||m|||a</controlfield><controlfield tag="008">150313s1984    ir      ob    001 0 araod</controlfield><datafield ind1=" " ind2=" " tag="040"><subfield code="a">NNU</subfield><subfield code="b">eng</subfield><subfield code="c">NNU</subfield></datafield><datafield ind1="1" ind2=" " tag="100"><subfield code="a">Khomeini, Ruhollah.</subfield></datafield><datafield ind1="1" ind2="0" tag="245"><subfield code="a">Kitab al-bay&#699;</subfield><subfield code="h">[electronic resource] /</subfield><subfield code="c">ta&#700;l&#299;f al-Khumayn&#299;.</subfield></datafield><datafield ind1=" " ind2=" " tag="260"><subfield code="a">Qum :</subfield><subfield code="b">Mu&#700;assasah Ma&#7789;b&#363;&#699;&#257;t&#299; Ism&#257;&#699;&#299;l&#299;y&#257;n,</subfield><subfield code="c">1984.</subfield></datafield><datafield ind1=" " ind2=" " tag="300"><subfield code="a">online resource (5 v.)</subfield></datafield><datafield ind1=" " ind2=" " tag="500"><subfield code="a">Part of the Arabic Collections Online (ACO) project, contributed by New York Univeristy Libraries.</subfield></datafield><datafield ind1=" " ind2=" " tag="504"><subfield code="a">Includes bibliographical references and indexes.</subfield></datafield><datafield ind1=" " ind2=" " tag="533"><subfield code="a">Electronic reproduction.</subfield><subfield code="b">New York, N.Y. :</subfield><subfield code="c">New York University,</subfield><subfield code="d">2015.</subfield><subfield code="5">NNU</subfield></datafield><datafield ind1=" " ind2="0" tag="650"><subfield code="a">Islamic law</subfield><subfield code="x">Interpretation and construction.</subfield></datafield><datafield ind1=" " ind2="0" tag="650"><subfield code="a">Purchasing.</subfield></datafield><datafield ind1=" " ind2="0" tag="650"><subfield code="a">Selling.</subfield></datafield><datafield ind1="2" ind2=" " tag="710"><subfield code="a">New York University.</subfield><subfield code="b">Libraries.</subfield></datafield><datafield ind1="0" ind2=" " tag="730"><subfield code="a">Arabic Collections Online.</subfield></datafield><datafield ind1="0" ind2="8" tag="776"><subfield code="i">Print version:</subfield><subfield code="a">Khomeini, Ruhollah.</subfield><subfield code="t">Kitab al-bay&#699;</subfield><subfield code="w">(NNU)001913202</subfield></datafield><datafield ind1="4" ind2="0" tag="856"><subfield code="u">http://hdl.handle.net/2333.1/k3j9kgh4</subfield></datafield><datafield ind1=" " ind2=" " tag="959"><subfield code="a">NNU</subfield><subfield code="b">WEB</subfield><subfield code="c">GENI</subfield><subfield code="t">0</subfield><subfield code="m">Electronic access</subfield><subfield code="s">01</subfield></datafield><datafield ind1=" " ind2=" " tag="999"><subfield code="i">NNU_001913202</subfield><subfield code="s">nyu_aco000487:v.1</subfield><subfield code="s">nyu_aco000488:v.2</subfield><subfield code="s">nyu_aco000489:v.3</subfield><subfield code="s">nyu_aco000490:v.4</subfield><subfield code="s">nyu_aco000491:v.5</subfield><subfield code="e">(ERROR-880)</subfield></datafield></record>